
@article{noauthor_video_nodate,
	title = {Video {Games} {Sales} {Dataset}},
	url = {https://www.kaggle.com/datasets/sidtwr/videogames-sales-dataset},
	abstract = {Video Games Sales \& Game Ratings Data Scraped from VzCharts},
    journal = {Kaggle},
    urldate = {2023-16-11},
    note = {{Accessed}: Nov. 16, 2023},
    author={SID TWR},
	language = {en},
	urldate = {2023-12-02},
	file = {Snapshot:C\:\\Users\\Joshc\\Zotero\\storage\\DK7T3J7J\\videogames-sales-dataset.html:text/html},
}
