
@article{noauthor_video_nodate,
	title = {Video {Games} {Sales} {Dataset}},
	url = {https://www.kaggle.com/datasets/sidtwr/videogames-sales-dataset},
	abstract = {Video Games Sales \& Game Ratings Data Scraped from VzCharts},
    journal = {Kaggle},
    urldate = {2023-16-11},
    note = {{Accessed}: Nov. 16, 2023},
    author={SID TWR},
	language = {en},
	urldate = {2023-12-02},
	file = {Snapshot:C\:\\Users\\Joshc\\Zotero\\storage\\DK7T3J7J\\videogames-sales-dataset.html:text/html},
}

@misc{noauthor_scikit-learn_nodate,
	title = {scikit-learn: machine learning in {Python} — scikit-learn 1.3.2 documentation},
	url = {https://scikit-learn.org/stable/},
	urldate = {2023-12-04},
	file = {scikit-learn\: machine learning in Python — scikit-learn 1.3.2 documentation:C\:\\Users\\Joshc\\Zotero\\storage\\USSTAGVN\\stable.html:text/html},
}

@misc{noauthor_matplotlib_nodate,
	title = {Matplotlib — {Visualization} with {Python}},
	url = {https://matplotlib.org/},
	urldate = {2023-12-04},
	file = {Matplotlib — Visualization with Python:C\:\\Users\\Joshc\\Zotero\\storage\\I24YFL5N\\matplotlib.org.html:text/html},
}

@misc{noauthor_plotly_nodate,
	title = {Plotly: {Low}-{Code} {Data} {App} {Development}},
	shorttitle = {Plotly},
	url = {https://plotly.com/},
	abstract = {With roots in the open-source community and worldwide customers, Plotly is a category-defining leader in enabling data-driven decisions via data apps.},
	urldate = {2023-12-04},
	file = {Snapshot:C\:\\Users\\Joshc\\Zotero\\storage\\C7VVTR9M\\plotly.com.html:text/html},
}
